<record><leader>00000cas a22000007a 4500</leader><controlfield tag="001">28207494</controlfield><controlfield tag="008">930604c19939999riuwr n       0   a0eng c</controlfield><datafield ind1=" " ind2=" " tag="010"><subfield code="a">sn 93002741 </subfield></datafield><datafield ind1=" " ind2=" " tag="040"><subfield code="a">NSD</subfield><subfield code="b">eng</subfield><subfield code="c">NSD</subfield><subfield code="d">OCLCQ</subfield></datafield><datafield ind1=" " ind2=" " tag="012"><subfield code="m">0</subfield></datafield><datafield ind1="1" ind2=" " tag="022"><subfield code="a">1069-9473</subfield><subfield code="l">1069-9473</subfield><subfield code="2">1</subfield></datafield><datafield ind1=" " ind2=" " tag="037"><subfield code="b">The Chariho Times, PO Box 620, Wyoming, RI 02898</subfield></datafield><datafield ind1=" " ind2=" " tag="042"><subfield code="a">nsdp</subfield><subfield code="a">pcc</subfield></datafield><datafield ind1="0" ind2=" " tag="130"><subfield code="a">Chariho times (Wyoming, R.I. : 1993)</subfield></datafield><datafield ind1=" " ind2="4" tag="222"><subfield code="a">The Chariho times</subfield><subfield code="b">(1993)</subfield></datafield><datafield ind1="1" ind2="4" tag="245"><subfield code="a">The Chariho times.</subfield></datafield><datafield ind1=" " ind2=" " tag="260"><subfield code="a">Wyoming, RI :</subfield><subfield code="b">Wilson Newspapers</subfield></datafield><datafield ind1=" " ind2=" " tag="300"><subfield code="a">v.</subfield></datafield><datafield ind1=" " ind2=" " tag="310"><subfield code="a">Weekly</subfield></datafield><datafield ind1="1" ind2=" " tag="362"><subfield code="a">Began in 1993.</subfield></datafield><datafield ind1=" " ind2=" " tag="588"><subfield code="a">Description based on: Vol. 1, no. 7 (May 13, 1993).</subfield></datafield><datafield ind1=" " ind2=" " tag="752"><subfield code="a">United States</subfield><subfield code="b">Rhode Island</subfield><subfield code="c">Washington</subfield><subfield code="d">Charlestown.</subfield></datafield><datafield ind1=" " ind2=" " tag="752"><subfield code="a">United States</subfield><subfield code="b">Rhode Island</subfield><subfield code="c">Washington</subfield><subfield code="d">Richmond.</subfield></datafield><datafield ind1=" " ind2=" " tag="752"><subfield code="a">United States</subfield><subfield code="b">Rhode Island</subfield><subfield code="c">Washington</subfield><subfield code="d">Hopkinton.</subfield></datafield><datafield ind1="0" ind2="1" tag="780"><subfield code="t">Narragansett times (Wakefield, R.I. : 1889)</subfield><subfield code="x">1040-1938</subfield><subfield code="w">(DLC)sn 85042629</subfield></datafield></record>